<record><leader>00000cas a2200000 a 4500</leader><controlfield tag="001">3972843</controlfield><controlfield tag="008">780614c19uu9999coucr ne      0   a0eng d</controlfield><datafield ind1=" " ind2=" " tag="010"><subfield code="a">sn 78004641 </subfield></datafield><datafield ind1=" " ind2=" " tag="040"><subfield code="a">COO</subfield><subfield code="b">eng</subfield><subfield code="c">COO</subfield><subfield code="d">NSD</subfield><subfield code="d">CNQ</subfield><subfield code="d">OCL</subfield><subfield code="d">AGL</subfield><subfield code="d">OCLCQ</subfield><subfield code="d">OCLCF</subfield><subfield code="d">OCLCO</subfield></datafield><datafield ind1=" " ind2=" " tag="012"><subfield code="k">1</subfield><subfield code="l">1</subfield><subfield code="m">1</subfield></datafield><datafield ind1="1" ind2=" " tag="022"><subfield code="a">0004-1890</subfield><subfield code="l">0004-1890</subfield><subfield code="2">1</subfield></datafield><datafield ind1="1" ind2=" " tag="029"><subfield code="a">AU@</subfield><subfield code="b">000020393193</subfield></datafield><datafield ind1=" " ind2=" " tag="032"><subfield code="a">031840</subfield><subfield code="b">USPS</subfield></datafield><datafield ind1=" " ind2=" " tag="042"><subfield code="a">nsdp</subfield></datafield><datafield ind1=" " ind2=" " tag="043"><subfield code="a">n-us-co</subfield></datafield><datafield ind1="0" ind2=" " tag="070"><subfield code="a">6</subfield><subfield code="b">Ar46</subfield></datafield><datafield ind1=" " ind2="0" tag="072"><subfield code="a">A000</subfield></datafield><datafield ind1=" " ind2="0" tag="222"><subfield code="a">Arkansas Valley journal</subfield></datafield><datafield ind1="0" ind2="0" tag="245"><subfield code="a">Arkansas Valley journal.</subfield></datafield><datafield ind1=" " ind2=" " tag="260"><subfield code="a">La Junta, Colo. :</subfield><subfield code="b">Arkansas Valley Journal</subfield></datafield><datafield ind1=" " ind2=" " tag="300"><subfield code="a">v. :</subfield><subfield code="b">ill. ;</subfield><subfield code="c">37 cm.</subfield></datafield><datafield ind1=" " ind2=" " tag="310"><subfield code="a">Weekly,</subfield><subfield code="b">June 14, 1984-</subfield></datafield><datafield ind1=" " ind2=" " tag="321"><subfield code="a">Weekly,</subfield><subfield code="b">Oct. 27, 1960-Sept. 30, 1982</subfield></datafield><datafield ind1=" " ind2=" " tag="321"><subfield code="a">Semiweekly,</subfield><subfield code="b">Oct. 7, 1982-June 11, 1984</subfield></datafield><datafield ind1=" " ind2=" " tag="588"><subfield code="a">Description based on: Vol. 13, no. 33 (Oct. 27, 1960); title from caption.</subfield></datafield><datafield ind1=" " ind2=" " tag="588"><subfield code="a">Latest issue consulted: Vol. 43, no. 5 (Apr. 12, 1990).</subfield></datafield><datafield ind1=" " ind2="0" tag="650"><subfield code="a">Agriculture</subfield><subfield code="z">Colorado</subfield><subfield code="v">Periodicals.</subfield></datafield><datafield ind1=" " ind2="7" tag="655"><subfield code="a">Periodicals.</subfield><subfield code="2">fast</subfield><subfield code="0">(OCoLC)fst01411641</subfield></datafield><datafield ind1=" " ind2="7" tag="650"><subfield code="a">Agriculture.</subfield><subfield code="2">fast</subfield><subfield code="0">(OCoLC)fst00801355</subfield></datafield><datafield ind1=" " ind2="7" tag="651"><subfield code="a">Colorado.</subfield><subfield code="2">fast</subfield><subfield code="0">(OCoLC)fst01210251</subfield></datafield><datafield ind1="0" ind2="0" tag="780"><subfield code="t">Arkansas Valley journal farm and ranch</subfield><subfield code="w">(DLC)sn 90051797</subfield><subfield code="w">(OCoLC)21427528</subfield></datafield><datafield ind1="0" ind2="5" tag="780"><subfield code="t">Kim-country record</subfield><subfield code="w">(DLC)sn 90051797</subfield><subfield code="w">(OCoLC)22527762</subfield></datafield></record>